<?xml version="1.0" encoding="UTF-8"?><collection xmlns="http://www.loc.gov/MARC21/slim"><record><leader>00434nam--2200157-i-4500</leader><controlfield tag="001">000014341</controlfield><controlfield tag="002">20161230</controlfield><controlfield tag="005">20170122002407</controlfield><controlfield tag="008">060222s1000------------r-----000-0-eng-d</controlfield><datafield ind1=" " ind2=" " tag="080"><subfield code="a">530.145:539.12(043)</subfield></datafield><datafield ind1=" " ind2=" " tag="100"><subfield code="a">Binetruy, Pierre</subfield></datafield><datafield ind1=" " ind2=" " tag="245"><subfield code="a">La grade de docteur d etat specialite: sciences physiques</subfield><subfield code="b">these</subfield></datafield><datafield ind1=" " ind2=" " tag="260"><subfield code="a">Orsay</subfield><subfield code="b">Universite De Paris-sud</subfield><subfield code="c">1980</subfield></datafield><datafield ind1=" " ind2=" " tag="300"><subfield code="a">179 p</subfield></datafield><datafield ind1=" " ind2=" " tag="852"><subfield code="a">7O57O</subfield></datafield><datafield ind1=" " ind2=" " tag="CAT"><subfield code="a">SYS</subfield><subfield code="c">20170122</subfield><subfield code="h">002407</subfield></datafield></record></collection>